@misc{nist,
  author = {{National Institute of Standards and Technology}},
  title = {NIST Computer Security Resource Center},
  year = {2024},
  url = {https://csrc.nist.gov/},
  note = {Accessed: 2024-05-16}
}

@book{boneh2005,
  author = {Boneh, Dan and Shoup, Victor},
  title = {A Graduate Course in Applied Cryptography},
  year = {2005},
  publisher = {CryptoText Security},
  address = {Stanford, CA},
}

@book{menezes1997,
  author = {Menezes, Alfred J. and van Oorschot, Paul C. and Vanstone, Scott A.},
  title = {Handbook of Applied Cryptography},
  year = {1997},
  publisher = {CRC Press},
  address = {Boca Raton, FL},
}

@book{silverman2009,
  author = {Silverman, Joseph H.},
  title = {A Friendly Introduction to Number Theory},
  year = {2009},
  publisher = {Pearson},
  address = {Upper Saddle River, NJ},
}

@book{stein2008,
  author = {Stein, William},
  title = {Elementary Number Theory: Primes, Congruences, and Secrets},
  year = {2008},
  publisher = {Springer},
  address = {New York, NY},
}

@book{stinson2006,
  author = {Stinson, Douglas R.},
  title = {Cryptography: Theory and Practice},
  year = {2006},
  publisher = {CRC Press},
  address = {Boca Raton, FL},
}

@book{stinson2018,
  author = {Stinson, Douglas R.},
  title = {Cryptography: Theory and Practice},
  year = {2018},
  publisher = {CRC Press},
  address = {Boca Raton, FL},
}

@article{goldwasser1978,
  author = {Goldwasser, Shafi and Micali, Silvio},
  title = {Probabilistic Encryption},
  journal = {Journal of Computer and System Sciences},
  volume = {22},
  number = {3},
  pages = {396--407},
  year = {1978},
  publisher = {Elsevier},
}

@book{hoffstein2008,
  author = {Hoffstein, Jeffrey and Pipher, Jill and Silverman, Joseph H.},
  title = {An Introduction to Mathematical Cryptography},
  year = {2008},
  publisher = {Springer},
  address = {New York, NY},
}

@book{joye2003,
  author = {Joye, Marc and Paar, Christof},
  title = {Understanding Cryptography: A Textbook for Students and Practitioners},
  year = {2003},
  publisher = {Springer},
  address = {New York, NY},
}

@book{koblitz1994,
  author = {Koblitz, Neal},
  title = {A Course in Number Theory and Cryptography},
  year = {1994},
  publisher = {Springer},
  address = {New York, NY},
}

@book{meneses2012,
  author = {Meneses, Alfred J.},
  title = {Elliptic Curves: Number Theory and Cryptography},
  year = {2012},
  publisher = {CRC Press},
  address = {Boca Raton, FL},
}

@book{paar2009,
  author = {Paar, Christof and Pelzl, Jan},
  title = {Understanding Cryptography: A Textbook for Students and Practitioners},
  year = {2009},
  publisher = {Springer},
  address = {New York, NY},
}

@article{shor1994,
  author = {Shor, Peter W.},
  title = {Algorithms for Quantum Computation: Discrete Logarithms and Factoring},
  journal = {Proceedings 35th Annual Symposium on Foundations of Computer Science},
  pages = {124--134},
  year = {1994},
  publisher = {IEEE},
}

@book{trappe2006,
  author = {Trappe, Wade and Washington, Lawrence C.},
  title = {Introduction to Cryptography with Coding Theory},
  year = {2006},
  publisher = {Prentice Hall},
  address = {Upper Saddle River, NJ},
}
